@article{Ikemachi,
Author = {Ikemachi, Takuya and Ito, Aki and Aratake, Yukihito and Chen, Yiping and
   Koashi, Masato and Kuwata-Gonokami, Makoto and Horikoshi, Munekazu},
Title = {{All-optical production of dual Bose-Einstein condensates of paired
   fermions and bosons with Li-6 and Li-7}},
Journal = {{JOURNAL OF PHYSICS B-ATOMIC MOLECULAR AND OPTICAL PHYSICS}},
Year = {{2017}},
Volume = {{50}},
Number = {{1}},
Month = {{DEC 15}},
DOI = {{10.1088/1361-6455/50/1/01LT01}},
Article-Number = {{01LT01}},
ISSN = {{0953-4075}},
EISSN = {{1361-6455}},
Unique-ID = {{ISI:000391489800001}},
}